<record><leader>00000cas a22000007a 4500</leader><controlfield tag="001">18320213</controlfield><controlfield tag="008">880808d18481853ohuwr ne      0    0eng d</controlfield><datafield ind1=" " ind2=" " tag="010"><subfield code="a">sn 88078744 </subfield></datafield><datafield ind1=" " ind2=" " tag="040"><subfield code="a">ONP</subfield><subfield code="b">eng</subfield><subfield code="c">ONP</subfield><subfield code="d">OCL</subfield><subfield code="d">OCLCQ</subfield><subfield code="d">OCLCF</subfield><subfield code="d">OCLCO</subfield></datafield><datafield ind1=" " ind2=" " tag="042"><subfield code="a">msc</subfield></datafield><datafield ind1=" " ind2=" " tag="043"><subfield code="a">n-us-oh</subfield></datafield><datafield ind1="0" ind2="0" tag="245"><subfield code="a">Western Episcopalian and Gambier observer.</subfield></datafield><datafield ind1="1" ind2="7" tag="246"><subfield code="a">Episcopalian</subfield></datafield><datafield ind1=" " ind2=" " tag="260"><subfield code="a">Gambier, Ohio :</subfield><subfield code="b">Acland Press</subfield></datafield><datafield ind1=" " ind2=" " tag="300"><subfield code="a">v.</subfield></datafield><datafield ind1=" " ind2=" " tag="310"><subfield code="a">Weekly</subfield></datafield><datafield ind1="0" ind2=" " tag="362"><subfield code="a">Vol. 5, no. 1 (Mar. 30, 1848)-v. 9, no. 52 (Apr. 13, 1853).</subfield></datafield><datafield ind1=" " ind2=" " tag="500"><subfield code="a">"Edited by Clergyman of the Protestant Episcopal Church, and issued weekly from the Theological Seminary Press, Gambier, Ohio."</subfield></datafield><datafield ind1=" " ind2=" " tag="500"><subfield code="a">"Official organ of the Bishop of the Diocese of Ohio."</subfield></datafield><datafield ind1="2" ind2="0" tag="610"><subfield code="a">Episcopal Church</subfield><subfield code="z">Ohio</subfield><subfield code="v">Newspapers.</subfield></datafield><datafield ind1=" " ind2="0" tag="651"><subfield code="a">Gambier (Ohio)</subfield><subfield code="v">Newspapers.</subfield></datafield><datafield ind1=" " ind2="0" tag="651"><subfield code="a">Knox County (Ohio)</subfield><subfield code="v">Newspapers.</subfield></datafield><datafield ind1=" " ind2="7" tag="655"><subfield code="a">Newspapers.</subfield><subfield code="2">fast</subfield><subfield code="0">(OCoLC)fst01423814</subfield></datafield><datafield ind1="2" ind2="7" tag="610"><subfield code="a">Episcopal Church.</subfield><subfield code="2">fast</subfield><subfield code="0">(OCoLC)fst00533119</subfield></datafield><datafield ind1=" " ind2="7" tag="651"><subfield code="a">Ohio.</subfield><subfield code="2">fast</subfield><subfield code="0">(OCoLC)fst01205075</subfield></datafield><datafield ind1=" " ind2="7" tag="651"><subfield code="a">Ohio</subfield><subfield code="z">Gambier.</subfield><subfield code="2">fast</subfield><subfield code="0">(OCoLC)fst01202913</subfield></datafield><datafield ind1=" " ind2="7" tag="651"><subfield code="a">Ohio</subfield><subfield code="z">Knox County.</subfield><subfield code="2">fast</subfield><subfield code="0">(OCoLC)fst01213453</subfield></datafield><datafield ind1=" " ind2=" " tag="752"><subfield code="a">United States</subfield><subfield code="b">Ohio</subfield><subfield code="c">Knox</subfield><subfield code="d">Gambier.</subfield></datafield><datafield ind1="0" ind2="0" tag="780"><subfield code="t">Western Episcopalian (Gambier, Ohio : 1843)</subfield><subfield code="w">(DLC)sn 88078745</subfield></datafield><datafield ind1="0" ind2="0" tag="785"><subfield code="t">Western Episcopalian (Gambier, Ohio : 1853)</subfield><subfield code="w">(DLC)sn 88078743</subfield></datafield></record>